<?xml version="1.0" encoding="UTF-8"?><record xmlns="http://www.loc.gov/MARC21/slim" xmlns:cinclude="http://apache.org/cocoon/include/1.0" xmlns:zs="http://www.loc.gov/zing/srw/">
  <leader>00485nz  a2200133n  4500</leader>
  <controlfield tag="001">no2010063975</controlfield>
  <controlfield tag="003">DLC</controlfield>
  <controlfield tag="005">20100418075145.0</controlfield>
  <controlfield tag="008">100416n| acannaabn          |n aaa     c</controlfield>
  <datafield tag="010" ind1=" " ind2=" ">
    <subfield code="a">no2010063975</subfield>
  </datafield>
  <datafield tag="035" ind1=" " ind2=" ">
    <subfield code="a">(OCoLC)oca08464572</subfield>
  </datafield>
  <datafield tag="040" ind1=" " ind2=" ">
    <subfield code="a">MoKU</subfield>
    <subfield code="b">eng</subfield>
    <subfield code="c">MoKU</subfield>
  </datafield>
  <datafield tag="100" ind1="1" ind2=" ">
    <subfield code="a">Bodduna, Himabindu,</subfield>
    <subfield code="d">1985-</subfield>
  </datafield>
  <datafield tag="670" ind1=" " ind2=" ">
    <subfield code="a">Finite element simulation of the human knee joint in ABAQUS/explicit using dynamic kinematic inputs, 2009 :</subfield>
    <subfield code="b">t.p. (Himabindu Bodduna) vita (b. Apr. 25, 1985, Andhra Pradesh, India)</subfield>
  </datafield>
</record>